<record><leader>00000cas a22000007a 4500</leader><controlfield tag="001">16075000</controlfield><controlfield tag="008">870625d18931uuualuwr ne      0    0eng d</controlfield><datafield ind1=" " ind2=" " tag="010"><subfield code="a">sn 87050224 </subfield></datafield><datafield ind1=" " ind2=" " tag="040"><subfield code="a">CPN</subfield><subfield code="b">eng</subfield><subfield code="c">CPN</subfield><subfield code="d">OCLCQ</subfield></datafield><datafield ind1=" " ind2=" " tag="042"><subfield code="a">msc</subfield></datafield><datafield ind1="0" ind2="0" tag="245"><subfield code="a">Walker county record.</subfield></datafield><datafield ind1="1" ind2="7" tag="246"><subfield code="a">Walker record</subfield></datafield><datafield ind1=" " ind2=" " tag="260"><subfield code="a">Jasper, Ala. :</subfield><subfield code="b">C.D. &amp; R.Y. Long,</subfield><subfield code="c">1893-</subfield></datafield><datafield ind1=" " ind2=" " tag="310"><subfield code="a">Weekly</subfield></datafield><datafield ind1="0" ind2=" " tag="362"><subfield code="a">Vol. 1, no. 1 (Sept. 5, 1893)-</subfield></datafield><datafield ind1=" " ind2=" " tag="752"><subfield code="a">United States</subfield><subfield code="b">Alabama</subfield><subfield code="c">Walker</subfield><subfield code="d">Jasper.</subfield></datafield></record>